@Book{learnpad:D2.1,
 editor = {F. Mancinelli},
 title = {Platform Architectural Description},
 publisher = {The \learnpad Consortium},
 year = {2014},
 number = "{Del. D2.1}",
 key = {learnpad2-1},
}

@Book{learnpad:D4.1,
 editor = {B. RE},
 title = {Quality Assessment Strategies for BP Models},
 publisher = {The \learnpad Consortium},
 year = {2015},
 number = "{Del. D4.1}",
 key = {learnpad4-1},
}

@Book{learnpad:D7.1,
 editor = {R. Woitsch},
 title = {Project best practices, support tools and integration plan},
 publisher = {The \learnpad Consortium},
 year = {2014},
 number = "{Del. D7.1}",
 key = {learnpad7-1},
}

@Book{learnpad:D7.2,
 editor = {F. Mancinelli},
 title = {Integration Tools and Systems},
 publisher = {The \learnpad Consortium},
 year = {2014},
 number = "{Del. D7.2}",
 key = {learnpad7-2},
}
